
@article{askling2013,
	title = {Acute hamstring injuries in Swedish elite football: a prospective randomised controlled clinical trial comparing two rehabilitation protocols.},
	author = {{Askling}, {Carl M.} and {Tengvar}, {Magnus} and {Thorstensson}, {Alf}},
	year = {2013},
	month = {10},
	date = {2013-10},
	journal = {British journal of sports medicine},
	pages = {953--959},
	volume = {47},
	number = {15},
	doi = {10.1136/bjsports-2013-092165},
	note = {PMID: 23536466},
	langid = {eng}
}



@article{askling2013,
	title = {Acute hamstring injuries in Swedish elite football: a prospective randomised controlled clinical trial comparing two rehabilitation protocols.},
	author = {{Askling}, {Carl M.} and {Tengvar}, {Magnus} and {Thorstensson}, {Alf}},
	year = {2013},
	month = {10},
	date = {2013-10},
	journal = {British journal of sports medicine},
	pages = {953--959},
	volume = {47},
	number = {15},
	doi = {10.1136/bjsports-2013-092165},
	note = {PMID: 23536466},
	langid = {eng}
}


@article{ekstrand2011,
	title = {Epidemiology of Muscle Injuries in Professional Football (Soccer)},
	author = {{Ekstrand}, {Jan} and {Hägglund}, {Martin} and {Waldén}, {Markus}},
	year = {2011},
	month = {06},
	date = {2011-06},
	journal = {The American Journal of Sports Medicine},
	pages = {1226--1232},
	volume = {39},
	number = {6},
	doi = {10.1177/0363546510395879},
	url = {http://journals.sagepub.com/doi/10.1177/0363546510395879},
	langid = {en}
}

@article{hickey2014,
	title = {The financial cost of hamstring strain injuries in the Australian Football League},
	author = {{Hickey}, {Jack} and {Shield}, {Anthony J.} and {Williams}, {Morgan D.} and {Opar}, {David A.}},
	year = {2014},
	month = {04},
	date = {2014-04},
	journal = {British Journal of Sports Medicine},
	pages = {729--730},
	volume = {48},
	number = {8},
	doi = {10.1136/bjsports-2013-092884},
	note = {PMID: 24124035},
	langid = {eng}
}

@article{eirale2013,
	title = {Low injury rate strongly correlates with team success in Qatari professional football},
	author = {{Eirale}, {Cristiano} and {Tol}, {J. L.} and {Farooq}, {Abdulaziz} and {Smiley}, {Faten} and {Chalabi}, {Hakim}},
	year = {2013},
	month = {08},
	date = {2013-08},
	journal = {British Journal of Sports Medicine},
	pages = {807--808},
	volume = {47},
	number = {12},
	doi = {10.1136/bjsports-2012-091040},
	note = {PMID: 22904292
PMCID: PMC3717779},
	langid = {eng}
}


@article{askling2014,
	title = {Acute hamstring injuries in Swedish elite sprinters and jumpers: a prospective randomised controlled clinical trial comparing two rehabilitation protocols},
	author = {{Askling}, {Carl M.} and {Tengvar}, {Magnus} and {Tarassova}, {Olga} and {Thorstensson}, {Alf}},
	year = {2014},
	month = {04},
	date = {2014-04},
	journal = {British Journal of Sports Medicine},
	pages = {532--539},
	volume = {48},
	number = {7},
	doi = {10.1136/bjsports-2013-093214},
	note = {PMID: 24620041},
	langid = {eng}
}

@article{ahamid2014,
	title = {Platelet-rich plasma injections for the treatment of hamstring injuries: a randomized controlled trial},
	author = {{A Hamid}, {Mohamad Shariff} and {Mohamed Ali}, {Mohamed Razif} and {Yusof}, {Ashril} and {George}, {John} and {Lee}, {Leena Poh Chen}},
	year = {2014},
	month = {10},
	date = {2014-10},
	journal = {The American Journal of Sports Medicine},
	pages = {2410--2418},
	volume = {42},
	number = {10},
	doi = {10.1177/0363546514541540},
	note = {PMID: 25073598},
	langid = {eng}
}

@article{brooks2006,
	title = {Incidence, risk, and prevention of hamstring muscle injuries in professional rugby union},
	author = {{Brooks}, {John H. M.} and {Fuller}, {Colin W.} and {Kemp}, {Simon P. T.} and {Reddin}, {Dave B.}},
	year = {2006},
	month = {08},
	date = {2006-08},
	journal = {The American Journal of Sports Medicine},
	pages = {1297--1306},
	volume = {34},
	number = {8},
	doi = {10.1177/0363546505286022},
	note = {PMID: 16493170},
	langid = {eng}
}

@article{horst2017,
	title = {Return to play after hamstring injuries in football (soccer): a worldwide Delphi procedure regarding definition, medical criteria and decision-making},
	author = {{Horst}, {Nick van der} and {Backx}, {F. J. G.} and {Goedhart}, {Edwin A.} and {Huisstede}, {Bionka MA}},
	year = {2017},
	month = {11},
	date = {2017-11-01},
	journal = {Br J Sports Med},
	pages = {1583--1591},
	volume = {51},
	number = {22},
	doi = {10.1136/bjsports-2016-097206},
	url = {https://bjsm.bmj.com/content/51/22/1583},
	note = {PMID: 28360143},
	langid = {en}
}

@article{opar2012,
	title = {Hamstring strain injuries: factors that lead to injury and re-injury},
	author = {{Opar}, {David A.} and {Williams}, {Morgan D.} and {Shield}, {Anthony J.}},
	year = {2012},
	month = {03},
	date = {2012-03-01},
	journal = {Sports Medicine (Auckland, N.Z.)},
	pages = {209--226},
	volume = {42},
	number = {3},
	doi = {10.2165/11594800-000000000-00000},
	note = {PMID: 22239734},
	langid = {eng}
}

@article{podlog2014,
	title = {Psychosocial factors in sports injury rehabilitation and return to play},
	author = {{Podlog}, {Leslie} and {Heil}, {John} and {Schulte}, {Stefanie}},
	year = {2014},
	month = {11},
	date = {2014-11},
	journal = {Physical Medicine and Rehabilitation Clinics of North America},
	pages = {915--930},
	volume = {25},
	number = {4},
	doi = {10.1016/j.pmr.2014.06.011},
	note = {PMID: 25442166},
	langid = {eng}
}


@article{hickey2020,
	title = {Pain-Free Versus Pain-Threshold Rehabilitation Following Acute Hamstring Strain Injury: A Randomized Controlled Trial},
	author = {{Hickey}, {Jack T.} and {Timmins}, {Ryan G.} and {Maniar}, {Nirav} and {Rio}, {Ebonie} and {Hickey}, {Peter F.} and {Pitcher}, {Christian A.} and {Williams}, {Morgan D.} and {Opar}, {David A.}},
	year = {2020},
	month = {02},
	date = {2020-02},
	journal = {Journal of Orthopaedic & Sports Physical Therapy},
	pages = {91--103},
	volume = {50},
	number = {2},
	doi = {10.2519/jospt.2020.8895},
	url = {http://dx.doi.org/10.2519/jospt.2020.8895},
	langid = {en}
}

@article{hamilton2015,
	title = {Platelet-rich plasma does not enhance return to play in hamstring injuries: a randomised controlled trial},
	author = {{Hamilton}, {Bruce} and {Tol}, {Johannes L} and {Almusa}, {Emad} and {Boukarroum}, {Sirine} and {Eirale}, {Cristiano} and {Farooq}, {Abdulaziz} and {Whiteley}, {Rodney} and {Chalabi}, {Hakim}},
	year = {2015},
	month = {07},
	date = {2015-07},
	journal = {British Journal of Sports Medicine},
	pages = {943--950},
	volume = {49},
	number = {14},
	doi = {10.1136/bjsports-2015-094603},
	url = {http://dx.doi.org/10.1136/bjsports-2015-094603},
	langid = {en}
}
